@article{10.1257/aer.99.1.350,
Author = {Boivin, Jean and Giannoni, Marc P. and Mihov, Ilian},
Title = {Sticky Prices and Monetary Policy: Evidence from Disaggregated US Data},
Journal = {American Economic Review},
Volume = {99},
Number = {1},
Year = {2009},
Month = {March},
Pages = {350-84},
DOI = {10.1257/aer.99.1.350},
URL = {https://www.aeaweb.org/articles?id=10.1257/aer.99.1.350}}