@article{10.2139/ssrn.2431627,
author = {Plakandaras, Bill and Gupta, Rangan and Gogas, Periklis and Papadimitriou, Theophilos},
year = {2014},
month = {01},
pages = {},
title = {Forecasting the U.S. Real House Price Index},
journal = {SSRN Electronic Journal},
doi = {10.2139/ssrn.2431627}
}