@article{doi:10.1177/002795011824300103,
author = {Jagjit S. Chadha},
title ={Commentary: The Housing Market and the Macroeconomy},
journal = {National Institute Economic Review},
volume = {243},
number = {1},
pages = {F4-F9},
year = {2018},
doi = {10.1177/002795011824300103},

URL = { 
        https://doi.org/10.1177/002795011824300103
    
},
eprint = { 
        https://doi.org/10.1177/002795011824300103
    
}
}