@article{10.1257/mac.2.2.125,
Author = {Iacoviello, Matteo and Neri, Stefano},
Title = {Housing Market Spillovers: Evidence from an Estimated DSGE Model},
Journal = {American Economic Journal: Macroeconomics},
Volume = {2},
Number = {2},
Year = {2010},
Month = {April},
Pages = {125-64},
DOI = {10.1257/mac.2.2.125},
URL = {https://www.aeaweb.org/articles?id=10.1257/mac.2.2.125}}