@article {PropertyPriceEurope,
      author = "Małgorzata Renigier-Biłozor and Radosław Wiśniewski",
      title = "The Impact of Macroeconomic Factors on Residential Property Price Indices in Europe",
      journal = "Folia Oeconomica Stetinensia",
      year = "01 Dec. 2012",
      publisher = "Sciendo",
      address = "Berlin",
      volume = "12",
      number = "2",
      doi = "https://doi.org/10.2478/v10031-012-0036-3",
      pages=      "103 - 125",
      url = "https://content.sciendo.com/view/journals/foli/12/2/article-p103.xml"
}