






@article{doi:10.1080/14616710110091561,
author = { Diana   Kasparova  and  Michael   White },
title = {THE RESPONSIVENESS OF HOUSE PRICES TO MACROECONOMIC FORCES: A CROSS-COUNTR Y COMPARISON},
journal = {European Journal of Housing Policy},
volume = {1},
number = {3},
pages = {385-416},
year  = {2001},
publisher = {Routledge},
doi = {10.1080/14616710110091561},

URL = { 
        https://doi.org/10.1080/14616710110091561
    
},
eprint = { 
        https://doi.org/10.1080/14616710110091561
    
}

}


